<record><leader>00000cas a22000007a 4500</leader><controlfield tag="001">10225546</controlfield><controlfield tag="008">831216d1843184umeuir ne      0    0eng d</controlfield><datafield ind1=" " ind2=" " tag="010"><subfield code="a">sn 83021466 </subfield></datafield><datafield ind1=" " ind2=" " tag="040"><subfield code="a">NPX</subfield><subfield code="b">eng</subfield><subfield code="c">NPX</subfield><subfield code="d">NPY</subfield><subfield code="d">YOX</subfield><subfield code="d">MBN</subfield><subfield code="d">OCL</subfield><subfield code="d">MBN</subfield><subfield code="d">OCLCQ</subfield><subfield code="d">OCLCF</subfield><subfield code="d">OCLCO</subfield></datafield><datafield ind1="1" ind2=" " tag="029"><subfield code="a">AU@</subfield><subfield code="b">000020124178</subfield></datafield><datafield ind1=" " ind2=" " tag="042"><subfield code="a">msc</subfield></datafield><datafield ind1=" " ind2=" " tag="043"><subfield code="a">n-us-me</subfield></datafield><datafield ind1="0" ind2=" " tag="130"><subfield code="a">Portland advertiser (Portland, Me. : Triweekly)</subfield></datafield><datafield ind1="1" ind2="0" tag="245"><subfield code="a">Portland advertiser.</subfield></datafield><datafield ind1=" " ind2=" " tag="260"><subfield code="a">Portland, Me. :</subfield><subfield code="b">Gerrish &amp; Edwards,</subfield><subfield code="c">1843-</subfield></datafield><datafield ind1=" " ind2=" " tag="300"><subfield code="a">v. ;</subfield><subfield code="c">51-54 cm.</subfield></datafield><datafield ind1=" " ind2=" " tag="310"><subfield code="a">Triweekly</subfield></datafield><datafield ind1="0" ind2=" " tag="362"><subfield code="a">Vol. 1, no. 1 (July 1, 1843)-</subfield></datafield><datafield ind1=" " ind2=" " tag="580"><subfield code="a">Daily eds.: Portland daily advertiser (Portland, Me. : 1842), and: Portland evening advertiser (Portland, Me. : 1846), and: Portland daily advertiser (Portland, Me. : 1848).</subfield></datafield><datafield ind1=" " ind2=" " tag="580"><subfield code="a">Weekly ed.: Portland advertiser (Portland, Me. : 1841 : Weekly).</subfield></datafield><datafield ind1=" " ind2="0" tag="651"><subfield code="a">Portland (Me.)</subfield><subfield code="v">Newspapers.</subfield></datafield><datafield ind1=" " ind2="7" tag="655"><subfield code="a">Newspapers.</subfield><subfield code="2">fast</subfield><subfield code="0">(OCoLC)fst01423814</subfield></datafield><datafield ind1=" " ind2="7" tag="651"><subfield code="a">Maine</subfield><subfield code="z">Portland.</subfield><subfield code="2">fast</subfield><subfield code="0">(OCoLC)fst01213254</subfield></datafield><datafield ind1=" " ind2=" " tag="752"><subfield code="a">United States</subfield><subfield code="b">Maine</subfield><subfield code="c">Cumberland</subfield><subfield code="d">Portland.</subfield></datafield><datafield ind1="1" ind2=" " tag="775"><subfield code="t">Portland daily advertiser (Portland, Me. : 1842)</subfield><subfield code="w">(DLC)sn 83009660</subfield></datafield><datafield ind1="1" ind2=" " tag="775"><subfield code="t">Portland evening advertiser (Portland, Me. : 1846)</subfield><subfield code="w">(DLC)sn 83021481</subfield></datafield><datafield ind1="1" ind2=" " tag="775"><subfield code="t">Portland daily advertiser (Portland, Me. : 1848)</subfield><subfield code="w">(DLC)sn 83021486</subfield></datafield><datafield ind1="1" ind2=" " tag="775"><subfield code="t">Portland advertiser (Portland, Me. : 1841 : Weekly)</subfield><subfield code="w">(DLC)sn 83009674</subfield></datafield><datafield ind1="0" ind2="0" tag="780"><subfield code="t">Portland advertiser (Portland, Me. : 1841 : Semiweekly)</subfield><subfield code="w">(DLC)sn 83009661</subfield></datafield><datafield ind1="0" ind2="0" tag="785"><subfield code="t">Portland tri-weekly advertiser</subfield><subfield code="w">(DLC)sn 83009673</subfield></datafield><datafield ind1=" " ind2=" " tag="936"><subfield code="a">1847 Dec. 31</subfield></datafield></record>